<?xml version="1.0" encoding="UTF-8"?><collection xmlns="http://www.loc.gov/MARC21/slim"><record><leader>00589nam--2200169-i-4500</leader><controlfield tag="001">000007523</controlfield><controlfield tag="002">20161230</controlfield><controlfield tag="005">20170304193136</controlfield><controlfield tag="008">060222s1000------------r-----000-0-eng-d</controlfield><datafield ind1=" " ind2=" " tag="100"><subfield code="a">Cobeljic, Nikola</subfield></datafield><datafield ind1=" " ind2=" " tag="245"><subfield code="a">Traits specifiques et l etape intemediaire dan s le processus de l industrialisation socialis te</subfield></datafield><datafield ind1=" " ind2=" " tag="260"><subfield code="a">Plovdiv</subfield><subfield code="b">Academie Bulgare Des Sciences</subfield><subfield code="c">1964</subfield></datafield><datafield ind1=" " ind2=" " tag="300"><subfield code="a">29 p</subfield></datafield><datafield ind1=" " ind2=" " tag="490"><subfield code="a">Conference Scientifique Regionale Sur Les Prob Lemes Du Developpment Economique Des Pays Socialis</subfield></datafield><datafield ind1=" " ind2=" " tag="700"><subfield code="a">Stojanovic, Radmilla</subfield></datafield><datafield ind1=" " ind2=" " tag="852"><subfield code="a">338.98</subfield></datafield><datafield ind1=" " ind2=" " tag="CAT"><subfield code="a">SYS</subfield><subfield code="c">20170304</subfield><subfield code="h">193136</subfield></datafield></record></collection>